@book{AHistoryOfGreekMatheMaticsVol2,
  title={Mensuration: Heron Of Alexandria},
  author={Sir Thomas Heath},
  year={1921},
  pages={321-323},
  publisher={Oxford At The Clarendon Press}
}
@article{heronFormula2009,
  title={Factoring Heron},
  author={Vaughan Pratt},
  url={https://www.maa.org/sites/default/files/Pratt-CMJ0902994.pdf},
  journal={The College Mathematics Journal},
  pages={15-16},
  volume={40},
  number={1},
  year={2009}
}
