@article{Introduction to Electrodynamics
    author = {David J. Griffiths},
    year = {1999},
    title = {Introduction to Electrodynamis},
    pages = {380},
    note = {Equation 9.53},
    language = {English},
   
}
